<?xml version="1.0" encoding="UTF-8"?><collection xmlns="http://www.loc.gov/MARC21/slim"><record><leader>00359nam--2200133-i-4500</leader><controlfield tag="001">000038038</controlfield><controlfield tag="002">20161230</controlfield><controlfield tag="005">20161230201041</controlfield><controlfield tag="008">060222s1000------------r-----000-0-eng-d</controlfield><datafield ind1=" " ind2=" " tag="100"><subfield code="a">Raymondi, Carlo</subfield></datafield><datafield ind1=" " ind2=" " tag="245"><subfield code="a">Contributo allo studio della trave su suolo elastico</subfield></datafield><datafield ind1=" " ind2=" " tag="260"><subfield code="a">11p</subfield></datafield><datafield ind1=" " ind2=" " tag="490"><subfield code="a">Publ.Della Facolta D`Ingegneria Dell`Univ.Din Pisa</subfield></datafield><datafield ind1=" " ind2=" " tag="852"><subfield code="a">13850</subfield></datafield></record></collection>